
Goldblatt, Robert. “Mathematical Modal Logic: A View of Its Evolution.” Journal of Applied Logic 1, no. 5 (October 1, 2003): 309–92. https://doi.org/10.1016/S1570-8683(03)00008-9.
